% Encoding: UTF-8


@Article{CeccarelliLan2004,
  author    = {Ceccarelli, Marco and Lanni, Chiara},
  title     = {A multi-objective optimum design of general 3R manipulators for prescribed workspace limits},
  journal   = {Mechanism and Machine Theory},
  year      = {2004},
  volume    = {39},
  number    = {2},
  pages     = {119-132},
}


@Article{CarboneOttCec2007,
  author    = {Carbone, G. and Ottaviano, E. and Ceccarelli, M.},
  title     = {An optimum design procedure for both serial and parallel manipulators},
  journal   = {Proceedings of the Institution of Mechanical Engineers Part C Journal of Mechanical Engineering Science},
  year      = {2007},
  volume    = {221},
  number    = {7},
  pages     = {529-843},
}



@Article{ChedmailGau1990,
  author    = {Chedmail, P and Gautier, M},
  title     = {Optimum choice of robot actuators},
  journal   = {Journal of engineering for industry},
  year      = {1990},
  volume    = {112},
  number    = {4},
  pages     = {361--367},
  publisher = {American Society of Mechanical Engineers},
}



@InProceedings{Padilla-GarciaCruRod2015,
  author    = {Padilla-Garc{\i}a, Erick A and Cruz-Villar, Carlos A and Rodriguez-Angeles, A},
  title     = {Multi-Objective Design/Control Optimization on the Power Train of Robot Manipulators using a Genetic Algorithm},
  booktitle = {Proc. of the 14th IFToMM World Congress},
  year      = {2015},
}


@PhdThesis{Roos2007,
  author    = {Roos, Fredrik},
  title     = {Towards a methodology for integrated design of mechatronic servo systems},
  year      = {2007},
  type      = {PhD thesis},
  url       = {http://www.diva-portal.org/smash/get/diva2:12432/FULLTEXT01.pdf},
  school    = {KTH},
}



@InProceedings{PetterssonAndKru2005,
  author       = {Pettersson, Marcus and Andersson, Johan and Krus, Petter},
  title        = {Methods for discrete design optimization},
  booktitle    = {ASME 2005 International Design Engineering Technical Conferences and Computers and Information in Engineering Conference},
  year         = {2005},
  organization = {American Society of Mechanical Engineers},
  pages        = {295--303},
}



@PhdThesis{Pettersson2008,
  author    = {Pettersson, Marcus},
  title     = {Design Optimization in Industrial Robotics: Methods and Algorithms for Drive Train Design},
  year      = {2008},
  type      = {PhD thesis},
  url       = {http://www.diva-portal.org/smash/get/diva2:18090/FULLTEXT01.pdf},
  school    = {Institutionen f{\"o}r ekonomisk och industriell utveckling},
}

@Article{PetterssonOel2009,
  author    = {Pettersson, Marcus and {\"O}lvander, Johan},
  title     = {Drive train optimization for industrial robots},
  journal   = {IEEE Transactions on Robotics},
  year      = {2009},
  volume    = {25},
  number    = {6},
  pages     = {1419--1424},
  publisher = {IEEE},
}


@InProceedings{TarkianLunOel2008,
  author       = {Tarkian, Mehdi and Lundén, Björn and Ölvander, Johan},
  title        = {Integration of parametric CAD and dynamic models for industrial robot design and optimization},
  booktitle    = {ASME 2008 International Design Engineering Technical Conferences and Computers and Information in Engineering Conference},
  year         = {2008},
  organization = {American Society of Mechanical Engineers},
  pages        = {761--769},
}

@InProceedings{TarkianOelFenPet2009,
  author       = {Tarkian, Mehdi and Ölvander, Johan and Feng, Xiaolong and Petterson, Marcus},
  title        = {Design automation of modular industrial robots},
  booktitle    = {ASME 2009 International Design Engineering Technical Conferences and Computers and Information in Engineering Conference},
  year         = {2009},
  organization = {American Society of Mechanical Engineers},
  pages        = {655--664},
}

@InProceedings{TarkianPerOelFen2011,
  author    = {Tarkian, Mehdi and Persson, Johan and {\"O}lvander, Johan and Feng, Xiaolong},
  title     = {Multidisciplinary design optimization of modular industrial robots},
  booktitle = {Proceedings of the ASME 2011 International Design Engineering Technical Conferences \& Computers and Information in Engineering Conference IDETC/CIE. Washington, DC},
  year      = {2011},
}


@Article{ZhouBai2015,
  author    = {Zhou, Lelai and Bai, Shaoping},
  title     = {A new approach to design of a lightweight anthropomorphic arm for service applications},
  journal   = {Journal of Mechanisms and Robotics},
  year      = {2015},
  volume    = {7},
  number    = {3},
  pages     = {031001},
  publisher = {American Society of Mechanical Engineers},
}

@Article{ZhouBaiHan2012,
  author    = {Zhou, Lelai and Bai, Shaoping and Hansen, Michael Rygaard},
  title     = {Integrated dimensional and drive-train design optimization of a light-weight anthropomorphic arm},
  journal   = {Robotics and Autonomous Systems},
  year      = {2012},
  volume    = {60},
  number    = {1},
  pages     = {113--122},
  publisher = {Elsevier},
}

@Article{ZhouBaiHan2011,
  author    = {Zhou, Lelai and Bai, Shaoping and Hansen, Michael Rygaard},
  title     = {Design optimization on the drive train of a light-weight robotic arm},
  journal   = {Mechatronics},
  year      = {2011},
  volume    = {21},
  number    = {3},
  pages     = {560--569},
  publisher = {Elsevier},
}


@InProceedings{ShillerSun1991,
  author       = {Shiller, Zvi and Sundar, Satish},
  title        = {Design of robotic manipulators for optimal dynamic performance},
  booktitle    = {Robotics and Automation, 1991. Proceedings., 1991 IEEE International Conference on},
  year         = {1991},
  pages        = {334--339},
  organization = {IEEE},
}



@InCollection{RamirezKotOrt2017,
  author    = {Ramirez, Daniel and Kotlarski, Jens and Ortmaier, Tobias},
  title     = {Combined Structural-Dimensional Synthesis of Robot Manipulators for Minimal Energy Consumption},
  booktitle = {Tagungsband des 2. Kongresses Montage Handhabung Industrieroboter},
  year      = {2017},
  publisher = {Springer},
  pages     = {63--71},
}



@Conference{RamirezKotOrt2015,
  author    = {Ramirez, D. and Kotlarski, J. and Ortmaier, T.},
  title     = {Automatic generation of a minimal set of serial mechanisms for a combined structural - geometrical synthesis},
  booktitle = {Proc. of the 14th IFToMM World Congress},
  year      = {2015},
  month     = {October},
  address   = {Taipei},
}



@Book{KhalilDom2002,
  author    = {W. Khalil and E. Dombre},
  title     = {Modeling, Identification and Control of Robots},
  year      = {2002},
  publisher = {Hermes Penton Science},
}



@Comment{jabref-meta: databaseType:bibtex;}
